@article{ORDONEZ2016353,
title = "Comparing Drools and Ontology Reasoning Approaches for Automated Monitoring in Telecommunication Processes",
journal = "Procedia Computer Science",
volume = "95",
pages = "353 - 360",
year = "2016",
note = "Complex Adaptive Systems Los Angeles, CA November 2-4, 2016",
issn = "1877-0509",
doi = "https://doi.org/10.1016/j.procs.2016.09.345",
author = "Armando Ordóñez and Luis Eraso and Hugo Ordóñez and Luis Merchan",
keywords = "Service monitoring, automated reconfiguration, ontologies, rules, service composition."
}

@article{ostermayer2013simplifying,
  title={Simplifying the Development of Rules Using Domain Specific Languages in Drools},
  author={Ostermayer, Ludwig and Sun, Geng and Seipel, Dietmar},
  journal={CHRISTIAN-ALBRECHTS-UNIVERSITAT ZU KIEL},
  pages={198},
  year={2013}
}

@article{jung2011executing,
  title={Executing medical logic modules expressed in ArdenML using Drools},
  author={Jung, Chai Young and Sward, Katherine A and Haug, Peter J},
  journal={Journal of the American Medical Informatics Association},
  volume={19},
  number={4},
  pages={533--536},
  year={2011},
  publisher={BMJ Group BMA House, Tavistock Square, London, WC1H 9JR}
}

@inproceedings{li2012modeling,
  title={Modeling and executing electronic health records driven phenotyping algorithms using the NQF Quality Data Model and JBoss{\textregistered} Drools engine},
  author={Li, Dingcheng and Endle, Cory M and Murthy, Sahana and Stancl, Craig and Suesse, Dale and Sottara, Davide and Huff, Stanley M and Chute, Christopher G and Pathak, Jyotishman},
  booktitle={AMIA annual symposium proceedings},
  volume={2012},
  pages={532},
  year={2012},
  organization={American Medical Informatics Association}
}
@article{mantas2012comparing,
  title={Comparing Drools and ontology reasoning approaches for telecardiology decision support},
  author={Mantas, J and others},
  journal={Quality of Life Through Quality of Information: Proceedings of MIE2012},
  volume={180},
  pages={300},
  year={2012},
  publisher={IOS Press}
}

@book{enterprise-patterns:book,
 author = {Fowler, Martin},
 title = {Patterns of Enterprise Application Architecture},
 year = {2002},
 isbn = {0321127420},
 publisher = {Addison-Wesley Longman Publishing Co., Inc.},
 address = {Boston, MA, USA},
}

@book{pattern-oriented:book,
   author = {Buschmann, F. and Meunier, R. and Rohnert, H. and Sommerlad, P. and Stal, M.},
   publisher = {Wiley},
   title = {Pattern-Oriented Software Architecture, Volume 1: A System of Patterns},
  year = 1996
}


@article{ballou2007,
  title = {The evolution and future of logistics and supply chain management},
  author = {Ballou, Ronald H.},
  doi = {10.1108/09555340710760152},
  issn = {0955-534X},
  journal = {European Business Review},
  number = {4},
  pages = {332--348},
  url = {http://www.emeraldinsight.com/doi/10.1108/09555340710760152},
  volume = {19},
  year = {2007}
}
@article{bentley1987,
  title = {Programming Pearls},
  author = {Bentley, Jon and Gries, David},
  journal = {Commun. ACM},
  issue_date = {April 1987},
  volume = {30},
  number = {4},
  month = apr,
  year = {1987},
  issn = {0001-0782},
  pages = {284--290},
  numpages = {7},
  url = {http://doi.acm.org/10.1145/32232.315727},
  doi = {10.1145/32232.315727},
  acmid = {315727},
  publisher = {ACM},
  address = {New York, NY, USA},
} 
@article{bosch2004,
  title={Software architecture: The next step},
  author={Bosch, J.},
  journal={Lecture Notes in Computer Science},
  year={2004},
  volume={3047},
  pages={194-199},
  url={https://www.scopus.com/inward/record.uri?eid=2-s2.0-35048903201&partnerID=40&md5=eb8f8f0f70f477937ced17d564731443},
}
@article{erdweg2015,
  title = {Evaluating and Comparing Language Workbenches},
  author = {Erdweg, Sebastian and van der Storm, Tijs and V{\"{o}}lter, Markus and Tratt, Laurence and Bosman, Remi and Cook, William R. and Gerritsen, Albert and Hulshout, Angelo and Kelly, Steven and Loh, Alex and Konat, Gabri{\"{e}}l and Molina, Pedro J. and Palatnik, Martin and Pohjonen, Risto and Schindler, Eugen and Schindler, Klemens and Solmi, Riccardo and Vergu, Vlad and Visser, Eelco and van der Vlist, Kevin and Wachsmuth, Guido and van der Woning, Jimi},
  doi = {10.1016/j.cl.2015.08.007},
  issn = {1477-8424},
  journal = {Computer Languages, Systems {\&} Structures},
  issue_date = {December 2015},
  month = {dec},
  pages = {24--47},
  numpages = {24},
  url = {http://dx.doi.org/10.1016/j.cl.2015.08.007},
  volume = {44},
  number = {PA},
  year = {2015},
  acmid = {2838250},
  publisher = {Elsevier Science Publishers B. V.},
  address = {Amsterdam, The Netherlands, The Netherlands}
}
@article{forgy1982,
  title = {Rete: A fast algorithm for the many pattern/many object pattern match problem},
  author = {Forgy, Charles L.},
  doi = {10.1016/0004-3702(82)90020-0},  
  issn = {0004-3702},
  journal = {Artificial Intelligence},
  month = {sep},
  number = {1},
  pages = {17--37},
  pmid = {15272832},
  url = {http://www.sciencedirect.com/science/article/pii/0004370282900200},
  volume = {19},
  year = {1982}
}
@article{gallacher1989,
  title = {Practical introduction to expert systems},
  author = {Gallacher, Joe},
  doi = {10.1016/0141-9331(89)90034-3},
  issn = {0141-9331},
  journal = {Microprocessors and Microsystems},
  month = {jan},
  number = {1},
  pages = {47--53},
  url = {http://www.sciencedirect.com/science/article/pii/0141933189900343},
  volume = {13},
  year = {1989}
}
@article{DBLP:journals/cacm/Hayes-Roth85,
  author    = {Frederick Hayes{-}Roth},
  title     = {Rule-Based Systems},
  journal   = {Commun. {ACM}},
  volume    = {28},
  number    = {9},
  pages     = {921--932},
  year      = {1985},
  url       = {http://doi.acm.org/10.1145/4284.4286},
  doi       = {10.1145/4284.4286},
  timestamp = {Tue, 07 Jun 2011 16:51:43 +0200},
  biburl    = {https://dblp.org/rec/bib/journals/cacm/Hayes-Roth85},
  bibsource = {dblp computer science bibliography, https://dblp.org}
}

@article{hohpe2016,
  title = {The Software Architect 's Role in the Digital Age},
  author = {Hohpe, Gregor and Ozkaya, Ipek and Zdun, Uwe and Zimmermann, Olaf},
  doi = {doi.ieeecomputersociety.org/10.1109/MS.2016.137},
  issn = {0740-7459},
  journal = {IEEE Software},
  number = {6},
  pages = {30 -- 39},
  volume = {33},
  year = {2016}
}
@article{junior2008,
  title = {A logística no âmbito da História},
  author = {Júnior, Reinaldo},
  year = {2008},
  month = {03},
  pages = {ISSN 2236-1294},
  volume = {n. 6},
  journal = {REVISTA REVERTE}
}
@article{karsai2014,
  title = {Design Guidelines for Domain Specific Languages},
  author = {Karsai, Gabor and Krahn, Holger and Pinkernell, Claas and Rumpe, Bernhard and Schindler, Martin and V{\"{o}}lkel, Steven},
  journal = {CoRR},
  number = {October},
  volume = {abs/1409.2378},
  pages = {7},
  url = {http://arxiv.org/abs/1409.2378},
  biburl = {https://dblp.org/rec/bib/journals/corr/KarsaiKPRSV14},
  archivePrefix = {arXiv},
  arxivId = {1409.2378},
  year = {2014}
}
@article{kim2014,
  title = {RETE-ADH: An Improvement to RETE for Composite Context-Aware Service},
  author = {Kim, Milhan and Lee, Kiseong and Kim, Youngmin and Kim, Taejin and Lee, Yunseong and Cho, Sungrae and Lee, Chan-Gun},
  doi = {10.1155/2014/507160},
  issn = {1550-1477},
  journal = {International Journal of Distributed Sensor Networks},
  month = {apr},
  number = {4},
  pages = {507160},
  url = {https://doi.org/10.1155/2014/507160},
  volume = {10},
  year = {2014}
}
@article{lazenby1994,
  title = {{Logistics in Classical Greek Warfare}},
  author = {Lazenby, J.F.},
  doi = {10.1177/096834459400100102},
  issn = {0968-3445},
  journal = {War in History},
  month = {mar},
  number = {1},
  pages = {3--18},
  url = {http://journals.sagepub.com/doi/10.1177/096834459400100102},
  volume = {1},
  year = {1994}
}
@article{leibniz2007,
  title = {Projeto a respeito de uma nova enciclopédia que deve ser redigida pelo método da descoberta},  
  author={Leibniz, Gottfried Wilhelm},
  doi = {10.1590/S1678-31662007000100006},
  issn = {1678-3166},
  journal = {Scientiae Studia},   
  url = {http://dx.doi.org/10.1590/S1678-31662007000100006},
  volume = {5},
  year = {2007},
  month = {03},
  pages = {95 - 107},
  publisher = {SciELO}
}
@article{miranker1991, 
  title={The organization and performance of a TREAT-based production system compiler}, 
  author={Miranker, D. P. and Lofaso, B. J.}, 
  journal={IEEE Transactions on Knowledge and Data Engineering}, 
  year={1991}, 
  volume={3}, 
  number={1}, 
  pages={3-10}, 
  doi={10.1109/69.75882}, 
  ISSN={1041-4347}, 
  url={https://ieeexplore.ieee.org/abstract/document/75882/},
  month={Mar}
}
@article{prebilic2006,
  title = {Theoretical aspects of military logistics},
  author = {Prebili{\v{c}}, Vladimir},
  doi = {10.1080/14751790600764037},
  isbn = {1475-1798$\backslash$n1475-1801},
  issn = {14751798},
  journal = {Defense \& Security Analysis},
  number = {2},
  pages = {159--177},
  url = {https://doi.org/10.1080/14751790600764037}, 
  volume = {22},
  year = {2006}
}
@article{raja2010,
  title = {Domain Specific Languages},
  author = {Raja, Aruna and Lakshmanan, Devika},
  archivePrefix = {arXiv},
  arxivId = {arXiv:1011.1669v3},
  doi = {10.5120/37-640},
  eprint = {arXiv:1011.1669v3},
  isbn = {0321712943},
  issn = {09758887},
  journal = {International Journal of Computer Applications},
  month = {feb},
  number = {21},
  pages = {105--111},
  pmid = {17270914},
  url = {http://www.ijcaonline.org/journal/number21/pxc387640.pdf},
  volume = {1},
  year = {2010}
}
@article{runeson2009,
 author = {Runeson, Per and H\"{o}st, Martin},
 title = {Guidelines for Conducting and Reporting Case Study Research in Software Engineering},
 journal = {Empirical Softw. Engg.},
 issue_date = {April 2009},
 volume = {14},
 number = {2},
 month = {apr},
 year = {2009},
 issn = {1382-3256},
 pages = {131--164},
 numpages = {34},
 url = {http://dx.doi.org/10.1007/s10664-008-9102-8},
 doi = {10.1007/s10664-008-9102-8},
 acmid = {1519324},
 publisher = {Kluwer Academic Publishers},
 address = {Hingham, MA, USA}
} 
@article{rutner2012,
  title = {Logistics evolution: a comparison of military and commercial logistics thought},
  author = {Rutner, Stephen M. and Aviles, Maria and Cox, Scott},
  doi = {10.1108/09574091211226948},
  issn = {0957-4093},
  journal = {The International Journal of Logistics Management},
  month = {may},
  number = {1},
  pages = {96--118},
  pmid = {42012058}, 
  url = {http://www.emeraldinsight.com/doi/10.1108/09574091211226948},
  volume = {23},
  year = {2012}
}
@article{simon2001,
  title = {The art of military logistics},
  author = {Simon, Steve John},
  doi = {10.1145/376134.376167},
  isbn = {1588391906},
  issn = {0001-0782},
  journal = {Communications of the ACM},
  month = {jun},
  number = {6},
  pages = {62--66},
  url = {http://doi.acm.org/10.1145/376134.376167},
  volume = {44},
  year = {2001}
}
@article{sottara2010,
  title = {A Configurable Rete-OO Engine for Reasoning with Different Types of Imperfect Information},
  author = {Sottara, Davide and Mello, Paola and Proctor, Mark},
  doi = {10.1109/TKDE.2010.125},
  issn = {1041-4347},
  journal = {IEEE Transactions on Knowledge and Data Engineering},
  month = {nov},
  number = {11},
  pages = {1535--1548},
  url = {http://ieeexplore.ieee.org/document/5551128/},
  volume = {22},
  year = {2010}
}
@article{vanDeursen2000,
  title = {Domain-specific Languages: An Annotated Bibliography},
  author = {van Deursen, Arie and Klint, Paul and Visser, Joost}, 
  journal = {SIGPLAN Not.},
  issue_date = {June 2000},
  volume = {35},
  number = {6},
  month = jun,
  year = {2000},
  issn = {0362-1340},
  pages = {26--36},
  numpages = {11},
  url = {http://doi.acm.org/10.1145/352029.352035},
  doi = {10.1145/352029.352035},
  acmid = {352035},
  publisher = {ACM},
  address = {New York, NY, USA},
} 



@book{alur2003,
  title={Core J2EE Patterns: Best Practices and Design Strategies},
  author={Alur, Deepak and Malks, Dan and Crupi, John a},
  year={2003},
  edition={2},
  publisher={Prentice Hall}
}
@book{amador2012,
  title={Drools developer's cookbook},
  author={Amador, Lucas},
  year={2012},
  isbn={978-1-84951-196-4},
  publisher={Packt Publishing Ltd}
}
@book{bali2009,
  title={Drools JBoss Rules 5.0 Developer's Guide},
  author={Bali, Michal},
  year={2009},
  isbn={978-1-847195-64-7},
  publisher={Packt Publishing Ltd}
}
@book{bali2013,
  title={Drools JBoss Rules 5.X Developer's Guide},
  author={Bali, Michal},
  year={2013},
  isbn={978-1-78216-126-4},
  publisher={Packt Publishing Ltd}
}
@book{bass2013software,
  title={Software Architecture in Practice},
  author={Len, Bass and Paul, Clements and Rick, Kazman},  
  year={2013},
  publisher={Addison-Wesley}
}
@book{bettini2016,
  title={Implementing Domain-Specific Languages with Xtext and Xtend},
  author={Bettini, Lorenzo},
  edition={2},
  year={2016},
  isbn={978-1-78646-496-5},
  publisher={Packt Publishing Ltd}
}
@book{blewitt2013,
  title={Eclipse 4 Plug-in Development by Example Beginner's Guide},
  author={Blewitt, Alex},
  year={2013},
  isbn={978-1-78216-032-8},
  publisher={Packt Publishing Ltd}
}
@book{browne2009,
  title={JBoss Drools business rules},
  author={Browne, Paul},
  year={2009},
  isbn={978-1-847196-06-4},
  publisher={Packt Publishing Ltd}
}
@book{clements2011documenting,
  title={Documenting Software Architectures: Views and Beyond},
  author={Clements, Paul and Bachmann, Felix and Bass, Len and Garlan, David and Ivers, James and Little, Reed and Merson, Paulo and Nord, Robert and Stafford, Judith},
  year={2011},
  publisher={Addison-Wesley Professional}
}
@book{clocksin2003programming,
  title={Programming in PROLOG},
  author={Clocksin, William F and Mellish, Christopher S},
  year={2003},
  publisher={Springer Science \& Business Media}
}
@book{crawley2013,
  title={The R book},
  author={Crawley, Michael J},
  year={2013},
  publisher={John Wiley \& Sons}
}
@book{fowler2013,
  title={DSL: Linguagens Espec{\'\i}ficas de Dom{\'\i}nio},
  author={Fowler, Martin and Parsons, Rebecca},
  year={2013},
  isbn={978-85-407-0212-7},
  publisher={Bookman}
}
@book{friedman2003,
  title={Jess in Action: Rule-Based system in Java},
  author={Friedman-Hill, Ernest},
  year={2003},
  publisher={Manning Publications Co.},
  isbn={1-930110-89-8}
}
@book{gallardo2003,
  title={Eclipse in Action: A Guide for Web Developers},
  author={Gallardo, David and Burnette, Ed and McGovern, Robert},
  year={2003},
  publisher={Manning Publications Co.}
}
@book{graham2007business,
  title={Business rules management and service oriented architecture: a pattern language},
  author={Graham, Ian},
  year={2007},
  publisher={John wiley \& sons}
}
@book{kulkarni2015,
  title={Java EE Development with Eclipse},
  author={Kulkarni, Ram},
  edition={2},
  year={2015},
  isbn={978-1-78528-534-9},
  publisher={Packt Publishing Ltd}
}
@book{DBLP:books/daglib/0070547,
  author    = {Peter J. F. Lucas and
               Linda C. van der Gaag},
  title     = {Principles of expert systems},
  series    = {International computer science series},
  publisher = {Addison-Wesley},
  year      = {1991},
  isbn      = {978-0-201-41640-4},
  timestamp = {Tue, 19 Apr 2011 17:04:46 +0200},
  biburl    = {https://dblp.org/rec/bib/books/daglib/0070547},
  bibsource = {dblp computer science bibliography, https://dblp.org}
}
@book{maquiavel2008,
  title     = {A Arte da Guerra},
  author    = {Maquiavel, Nicolau}, 
  publisher = {L\&PM},
  year      = {2008},
  edition   = {1},
  note      = {Tradutor: Eugênio Vinci de Moraes},
  isbn      = {978-8525417343}
}
@book{parr2010,
  title={Language Implementation Patterns: create your own domain-specific and general programming languages},
  author={Parr, Terence},
  year={2010},
  isbn={978-1-934356-45-6},
  publisher={Pragmatic Bookshelf}
}
@book{parr2013,
  title={The Definitive ANTLR 4 Reference},
  author={Parr, Terence},
  year={2013},
  isbn={978-1-93435-699-9},
  publisher={Pragmatic Bookshelf}
}
@book{prasanna2009,
  title={Dependency Injection},
  author={Prasanna, Dhanji R.},
  year={2009},
  isbn={978-1-933988-55-9},
  publisher={Manning Publications Co.}
}
@book{DBLP:books/daglib/0023820,
  author    = {Stuart J. Russell and
               Peter Norvig},
  title     = {Artificial Intelligence - {A} Modern Approach {(3.} internat. ed.)},
  publisher = {Pearson Education},
  year      = {2010},
  url       = {http://vig.pearsoned.com/store/product/1,1207,store-12521\_isbn-0136042597,00.html},
  isbn      = {978-0-13-207148-2},
  timestamp = {Fri, 04 Feb 2011 09:56:38 +0100},
  biburl    = {https://dblp.org/rec/bib/books/daglib/0023820},
  bibsource = {dblp computer science bibliography, https://dblp.org}
}
@book{travassos2002introduccao,
  title={Introdu{\c{c}}{\~a}o {\`a} engenharia de software experimental},
  author={Travassos, Guilherme Horta and Gurov, Dmytro and Amaral, EAGG},
  year={2002},
  publisher={UFRJ}
}
@book{pressman2005software,
  title={Software engineering: a practitioner's approach},
  author={Pressman, Roger S},
  year={2005},
  publisher={McGraw-Hill}
}
@book{salatino2016mastering,
  title={Mastering JBoss Drools 6},
  author={Salatino, Mauricio and De Maio, Mariano and Aliverti, Esteban},
  year={2016},
  publisher={Packt Publishing Ltd}
}
@book{sommerville2011software,
  title={Software engineering},
  author={Sommerville, Ian},
  year={2011},
  publisher={Addison-Wesley}
}
@book{tzu2014,
  title     = {A Arte da Guerra},
  author    = {Tzu, Sun and Pin, Sun}, 
  publisher = {WMF Martins Fontes},
  year      = {2014},
  edition   = {3},
  note      = {Tradutora: Ana Aguiar Cotrim},
  isbn      = {978-8578277970}
}



@inbook{abraham2005,
  title = {Rule-Based Expert Systems},
  author = {Abraham, Ajith},
  publisher = {American Cancer Society},
  isbn = {9780471497394},
  booktitle = {Handbook of Measuring System Design},
  chapter = {130},
  pages = {},
  doi = {10.1002/0471497398.mm422},
  url = {https://onlinelibrary.wiley.com/doi/abs/10.1002/0471497398.mm422},
  year = {2005},
}
@inbook{grosan2011,
  title = {Rule-Based Expert Systems},
  author = {Grosan, Crina and Abraham, Ajith},
  booktitle = {Intelligent Systems: A Modern Approach},  
  doi = {10.1007/978-3-642-21004-4_7},
  isbn = {9783642210037},
  issn = {18684394},
  pages = {149--185},
  url = {https://doi.org/10.1007/978-3-642-21004-4_7},
  publisher = {Springer Berlin Heidelberg},
  year = {2011}
}



@incollection{buchanan1983,
  title = {Principles of Rule-Based Expert Systems},
  author = {Buchanan, Bruce G. and Duda, Richard O.},
  editor = {Marshall C. Yovits},
  series = {Advances in Computers},
  publisher = {Elsevier},
  volume = {22},
  pages = {163 -- 216},
  year = {1983},
  booktitle = {Advances In Computers},
  issn = {0065-2458},
  doi = {https://doi.org/10.1016/S0065-2458(08)60129-1},
  url = {http://www.sciencedirect.com/science/article/pii/S0065245808601291}
}




@inproceedings{acharya1993,
 author = {Acharya, Anurag and Tambe, Milind},
 title = {Collection Oriented Match},
 booktitle = {Proceedings of the Second International Conference on Information and Knowledge Management},
 series = {CIKM '93},
 year = {1993},
 isbn = {0-89791-626-3},
 location = {Washington, D.C., USA},
 pages = {516--526},
 numpages = {11},
 url = {http://doi.acm.org/10.1145/170088.170411},
 doi = {10.1145/170088.170411},
 acmid = {170411},
 publisher = {ACM},
 address = {New York, NY, USA},
} 
@inproceedings{collet2014,
  title = {Domain Specific Languages for Managing Feature Models: Advances and Challenges},
  author = {Collet, Philippe},
  booktitle={6th International Symposium, ISoLA 2014},
  series = {Leveraging Applications of Formal Methods, Verification and Validation. Technologies for Mastering Change},
  doi = {10.1007/978-3-662-45234-9\_20},
  volume = {8802},
  isbn = {9783662452349},
  editor = {Springer LNCS},
  pages = {273--288},
  url = {https://hal.archives-ouvertes.fr/hal-01345656},
  year = {2014},
  address = {Corfu, Greece}
}
@inproceedings{erdweg2013,
  title = {The State of the Art in Language Workbenches},
  author = {Erdweg, Sebastian and van der Storm, Tijs and V{\"{o}}lter, Markus and Boersma, Meinte and Bosman, Remi and Cook, William R. and Gerritsen, Albert and Hulshout, Angelo and Kelly, Steven and Loh, Alex and Konat, Gabri{\"{e}}l D. P. and Molina, Pedro J. and Palatnik, Martin and Pohjonen, Risto and Schindler, Eugen and Schindler, Klemens and Solmi, Riccardo and Vergu, Vlad A. and Visser, Eelco and van der Vlist, Kevin and Wachsmuth, Guido H. and van der Woning, Jimi},
  booktitle = {Software Language Engineering},
  doi = {10.1007/978-3-319-02654-1_11},
  isbn={978-3-319-02654-1},
  pages = {197--217},
  publisher = {Springer International Publishing},
  url = {https://link.springer.com/chapter/10.1007/978-3-319-02654-1_11},
  address = {Cham},
  year = {2013}
}
@inproceedings{eysholdt2010,
  title = {Xtext: Implement Your Language Faster Than the Quick and Dirty Way},
  author = {Eysholdt, Moritz and Behrens, Heiko},
  booktitle = {Proceedings of the ACM International Conference Companion on Object Oriented Programming Systems Languages and Applications Companion},
  series = {OOPSLA '10},
  doi = {10.1145/1869542.1869625},
  isbn = {978-1-4503-0240-1},
  pages = {307--309},
  acmid = {1869625},
  publisher = {ACM},
  address = {New York, NY, USA},
  url = {http://doi.acm.org/10.1145/1869542.1869625},
  year = {2010}
}
@inproceedings{grossner1993,
  title = {Exploring the Structure of Rule Based Systems},
  author = {Grossner, Clifford and Preece, Alun D. and Chander, P. Gokul and Radhakrishnan, T. and Suen, Ching Y.},
  booktitle = {Proceedings of the Eleventh National Conference on Artificial Intelligence},
  series = {AAAI'93},
  year = {1993},
  isbn = {0-262-51071-5},
  location = {Washington, D.C.},
  pages = {704--709},
  numpages = {6},
  url = {http://dl.acm.org/citation.cfm?id=1867270.1867375},
  acmid = {1867375},
  publisher = {AAAI Press},
} 
@inproceedings{jansen2005,
  title = {Software Architecture as a Set of Architectural Design Decisions},
  author = {Jansen, A. and Bosch, J.},
  booktitle = {5th Working IEEE/IFIP Conference on Software Architecture (WICSA'05)},
  doi = {10.1109/WICSA.2005.61},
  isbn = {0-7695-2548-2},
  pages = {109--120},
  publisher = {IEEE},
  url = {http://ieeexplore.ieee.org/document/1620096/},
  volume = {2005},
  year = {2005}
}
@inproceedings{lee2014,
  title = {Rete-ECA: A Rule-based System for Device Control},
  author = {Lee, Rachel and Cho, Sang-young},
  booktitle = {Proceedings of the International Workshop on Artificial Neural Networks and Intelligent Information Processing},
  doi = {10.5220/0005140500950102},
  isbn = {978-989-758-041-3},
  pages = {95--102},
  publisher = {SciTePress - Science and and Technology Publications},
  url = {http://www.scitepress.org/DigitalLibrary/Link.aspx?doi=10.5220/0005140500950102},
  year = {2014}
}
@inproceedings{neeraj2017, 
  title={A domain specific language for business transaction processing}, 
  author={K. R. Neeraj and P. S. Janardhanan and A. B. Francis and R. Murali}, 
  booktitle={2017 IEEE International Conference on Signal Processing, Informatics, Communication and Energy Systems (SPICES)}, 
  year={2017}, 
  volume={}, 
  number={}, 
  pages={1-7}, 
  doi={10.1109/SPICES.2017.8091270}, 
  url={https://ieeexplore.ieee.org/document/8091270/},
  ISSN={}, 
  month={Aug}
}
@inproceedings{pfeiffer2008,
  title = {A comparison of tool support for textual domain-specific languages},
  author = {Pfeiffer, Michael and Pichler, Josef},
  booktitle = {Proceedings of the 8th OOPSLA Workshop on Domain-Specific Modeling},
  series = {DSM'08},
  pages = {1--7},
  url = {http://www.dsmforum.org/events/dsm08/papers.html},
  year = {2008},
}
@inproceedings{schmitt2014,
  title={An Evaluation of Domain-Specific Language Technologies for Code Generation}, 
  author = {Schmitt, Christian and Kuckuk, Sebastian and K{\"{o}}stler, Harald and Hannig, Frank and Teich, Jurgen},
  booktitle={2014 14th International Conference on Computational Science and Its Applications}, 
  series={ICCSA 2014},
  doi = {10.1109/ICCSA.2014.16},
  pages = {18--26},
  url={https://ieeexplore.ieee.org/document/6976658/},
  year = {2014},
}
@inproceedings{serio2006,
  title = {{A Evolu{\c{c}}{\~{a}}o dos Conceitos de Log{\'{i}}stica: um estudo na cadeia automobil{\'{i}}stica no Brasil}},
  author = {Serio, Luiz Carlos; and Sampaio, Mauro ; and Pereira, Susana},
  crossref = {anpad},
  pages = {1--15},
  url = {http://www.anpad.org.br/enanpad/2006/dwn/enanpad2006-golb-2727.pdf},
  year = {2006},
}
@inproceedings{wang1992, 
  title={A performance comparison of the Rete and TREAT algorithms for testing database rule conditions}, 
  author={Wang, Yu-Wang and Hanson, E. N.}, 
  booktitle={[1992] Eighth International Conference on Data Engineering}, 
  year={1992}, 
  pages={88-97}, 
  doi={10.1109/ICDE.1992.213202}, 
  url={https://ieeexplore.ieee.org/abstract/document/213202/},
  month={Feb},
}



@misc{marques2014,
  author = {Marques, Wagner Rodrigues},
  pages = {46},
  school = {Escola Superior de Guerra},
  title = {O Atual Nível de Terceirização Logística das Forças Armadas Brasileiras},
  type = {Curso de Altos Estudos de Política e Estratégia},
  url = {http://www.esg.br/images/Monografias/2014/MARQUES.pdf},
  year = {2014},
}
@misc{beck2001agile,
  title = {Manifesto for Agile Software Development},
  author = {Beck, Kent and Beedle, Mike and van Bennekum, Arie and Cockburn, Alistair and Cunningham, Ward and Fowler, Martin and Grenning, James and Highsmith, Jim and Hunt, Andrew and Jeffries, Ron and Kern, Jon and Marick, Brian and Martin, Robert C. and Mellor, Steve and Schwaber, Ken and Sutherland, Jeff and Thomas, Dave},    
  url = {http://www.agilemanifesto.org/},
  year = 2001,
}
@misc{brasil2003,
  title={Manual de Campanha C 100-10 - Logistica Militar Terrestre},
  author={Brasil, Minist\'erio da Defesa},
   url={http://bibliotecamilitar.com.br/wp-content/uploads/2016/02/02-manual_c_100-10-logistica_militar_terrestre.pdf},
  year={2\textordfeminine edi{\c{c}}{\~a}o, 2003},
}
@misc{brasil2014,
  title={Manual de Campanha EB20-MC-10.204 - LOG\’ISTICA},
  author={Brasil, Minist\'erio da Defesa},
  note={3\textordfeminine edi{\c{c}}{\~a}o, 2014},
  url={http://bdex.eb.mil.br/jspui/bitstream/123456789/434/1/EB20-MC-10.204.pdf},
  year={2014},
}
@misc{brasil2015,
  title={EB20-IR-10.004 - Instruções Reguladoras do Processo de Concep{\c{c}}{\~a}o de Quadro da Organização},
  author={Brasil, Estado-Maior do Ex\'ercito},
  note={2015},
  url={http://bdex.eb.mil.br/jspui/bitstream/123456789/222/1/EB20-IR-10.001-2v2015.pdf},
  year={2015},
}
@misc{drools2017,
  title = {Drools Documentation - Version 7.7.0.Final},
  author = {JBoss Drools Team},
  howpublished = {\url{https://docs.jboss.org/drools/release/7.7.0.Final/drools-docs/html_single/index.html}},
  note = {Online; acessado em 19 de junho de 2018} ,
  year=2017,
}
@misc{fowler2005,
  title = {Language Workbenches: The Killer-App for Domain Specific Languages?},
  author = {Fowler, Martin},
  howpublished = {\url{https://www.martinfowler.com/articles/languageWorkbench.html}},
  note = {Online; acessado em 10 de junho de 2018} ,
  year=2005,
}
@misc{fowler2008,
  title = {LanguageWorkbench},
  author = {Fowler, Martin},
  howpublished = {\url{https://martinfowler.com/bliki/LanguageWorkbench.html}},
  note = {Online; acessado em 10 de junho de 2018} ,
  year=2008,
}
@misc{michel2011metodologia,
  title={Metodologia da pesquisa-a{\c{c}}{\~a}o},
  author={Thiollent, Michel},
  year={2011},
  publisher={S{\~a}o Paulo: Cortez}
}
@misc{otan2012,
  title={NATO Logistics Handbook},
  author={OTAN, Logistics Committee},
  note={2nd Edition, 2012},
  url={https://www.nato.int/docu/logi-en/logistics_hndbk_2012-en.pdf},
  year={2012},
}
@phdthesis{doorenbos1995,
  title = {Production Matching for Large Learning Systems},
  author = {Doorenbos, Robert B.},
  pages = {0--208},
  school = {Carnegie Mellon University},
  type = {Computer Science Department},
  url = {http://reports-archive.adm.cs.cmu.edu/anon/1995/CMU-CS-95-113.pdf},
  year = {1995},
}
@phdthesis{gilman2015,
  title = {Exploring the use of rule-based reasoning in ubiquitous computing applications},
  author = {Gilman, Ekaterina},
  pages = {0--114},
  school = {University of Oulu},
  type = {Doctoral Training Committee of Technology and Natural Sciences of the University of Oulu},
  url = {http://urn.fi/urn:isbn:9789526209586},
  year = {2015},
}
@techreport{batory1994,
  title = {The LEAPS Algorithm},
  author = {Batory, Don},
  year = {1994},
  url = {https://dl.acm.org/citation.cfm?id=899216},
  publisher = {University of Texas at Austin},
  address = {Austin, TX, USA},
} 
@phdthesis{DBLP:phd/dnb/Czarnecki99,
  author    = {Krzysztof Czarnecki},
  title     = {Generative programming - principles and techniques of software engineering
               based on automated configuration and fragment-based component models},
  school    = {Technische Universit{\"{a}}t Illmenau, Germany},
  year      = {1999},
  url       = {http://d-nb.info/958706700},
  timestamp = {Mon, 16 Jan 2017 13:00:15 +0100},
  biburl    = {https://dblp.org/rec/bib/phd/dnb/Czarnecki99},
  bibsource = {dblp computer science bibliography, https://dblp.org}
}
@book{gamma1994,
  title={Design Patterns: Elements of Reusable Object-Oriented Software},
  author={Gamma, Erich and Helm, Richard and Johnson, Ralph and Vlissides, John},
  year={1994},
  publisher={Addison-Wesley Professional},
  isbn={978-0201633610}
}
@inproceedings{cechticky2003,
  title = {Generative Programming for Space Applications},
  author = {Cechticky, V. and Pasetti, A.},
  booktitle = {DASIA 2003 - Data Systems In Aerospace},
  series = {ESA Special Publication},
  volume = {532},
  issn = {03796566},
  pages = {19--30},
  url = {http://adsabs.harvard.edu/abs/2003ESASP.532E...3C},
  adsnote = {Provided by the SAO/NASA Astrophysics Data System},
  year = {2003},
}
@phdthesis{czarnecki1998,
  title = {Generative Programming: Principles and Techniques of Software Engineering Based on Automated Configuration and Fragment-Based Component Models},
  author = {Czarnecki, Krzysztof},
  pages = {0--449},
  school = {Technical University of Ilmenau},
  type = {Department of Computer Science and Automation},
  url = {https://bit.ly/2JBWYS6},
  year = {1998}
}
@inproceedings{barth2002,
  title={Generative Programming},
  author={Barth, Barbara and Butler, Greg and Czarnecki, Krzysztof and Eisenecker, Ulrich},
  editor={Frohner, {\'A}kos},
  booktitle = {Proceedings of the Workshops on Object-Oriented Technology},
  series = {ECOOP '01},
  year={2002},
  url = {http://dl.acm.org/citation.cfm?id=646781.705926},
  publisher={Springer Berlin Heidelberg},
  address={Berlin, Heidelberg},
  pages={135--149},
  isbn={978-3-540-47853-9}
}
@inproceedings{arora2009,
  title={Developing scientific applications using Generative Programming}, 
  author = {Arora, Ritu and Bangalore, Purushotham and Mernik, Marjan},
  booktitle={2009 ICSE Workshop on Software Engineering for Computational Science and Engineering}, 
  doi = {10.1109/SECSE.2009.5069162},
  isbn = {978-1-4244-3737-5},
  pages = {51--58},
  url = {https://ieeexplore.ieee.org/document/5069162/},
  year = {2009}
}
@inproceedings{paska2009,
  title={Generative programming with support for formal verification}, 
  author = {Paska, Marek},
  booktitle = {2009 IEEE International Symposium on Industrial Embedded Systems},
  doi = {10.1109/SIES.2009.5196194},
  isbn = {978-1-4244-4109-9},
  issn={2150-3109}, 
  month = {jul},
  pages = {58--61},
  publisher = {IEEE},
  url = {http://ieeexplore.ieee.org/document/5196194/},
  year = {2009},
}
@misc{azimi2003,
  title={Generative Programming: A Model Driven Approach},
  author={Azimi, Reza and Hosseini, Farid},
  url={http://www.eecg.toronto.edu/~jacobsen/courses/ece1770/index-03.html},
  year={2003}
}
@book{stroustrup1997,
  title={The C++ Programming Language},
  author={Stroustrup, Bjarne},
  year={1997},
  edition={3},
  isbn={0-201-88954-4},
  publisher={Addison-Wesley},
}
@inproceedings{he2009,
  title = {Design and Implementation of Student Attendance Management System Based on MVC},
  author = {He, Zonggang and Zheng, Junsheng},
  booktitle = {2009 International Conference on Management and Service Science},
  doi = {10.1109/ICMSS.2009.5304685},
  isbn = {978-1-4244-4638-4},
  month = {sep},
  number = {3},
  pages = {1--4},
  publisher = {IEEE},
  url = {http://ieeexplore.ieee.org/document/5304685/},
  year = {2009},
}
@inproceedings{benato2017,
  title = {Infrastructure Based on Template Engines for Automatic Generation of Source Code for Self-adaptive Software Domain},
  author = {Benato, Gabriele Salgado and Affonso, Frank Jos{\'{e}} and Nakagawa, Elisa Yumi},
  booktitle = {Proceedings of the International Conference on Software Engineering and Knowledge Engineering, SEKE},
  doi = {10.18293/SEKE2017-147},
  isbn = {1891706411},
  issn = {23259000},
  month = {jul},
  number = {i},
  pages = {30--35},
  url = {http://ksiresearchorg.ipage.com/seke/seke17paper/seke17paper{\_}147.pdf},
  year = {2017},
}
@inproceedings{parr2004,
  title = {Enforcing strict model-view separation in template engines},
  author = {Parr, Terence John},
  booktitle = {Proceedings of the 13th International Conference on World Wide Web},
  series = {WWW '04},
  doi = {10.1145/988672.988703},
  isbn = {1-58113-844-X},
  pages = {224--233},
  publisher = {ACM Press},
  address = {New York, New York, USA},
  url = {http://doi.acm.org/10.1145/988672.988703},
  year = {2004},
}
@inproceedings{arnoldus2007,
  title = {{Repleo: A Syntax-safe Template Engine}},
  author = {Arnoldus, Jeroen and Bijpost, Jeanot and van den Brand, Mark G.J.},
  booktitle = {Proceedings of the 6th International Conference on Generative Programming and Component Engineering},
  series = {GPCE '07},
  doi = {10.1145/1289971.1289977},
  isbn = {978-1-59593-855-8},
  location = {Salzburg, Austria},
  pages = {25--32},
  numpages = {8},
  url = {http://doi.acm.org/10.1145/1289971.1289977},
  year = {2007},
}
@inproceedings{costa2015,
  title = {Using a MDD approach to develop software systems},
  author = {Costa, P.H.T. and {Dias Canedo}, E.},
  booktitle = {2015 10th Iberian Conference on Information Systems and Technologies, CISTI 2015},
  doi = {10.1109/CISTI.2015.7170371},
  isbn = {9789899843455},
  url = {https://ieeexplore.ieee.org/document/7170371/},
  year = {2015},
}
@inproceedings{segura2017,
  title = {A Template-Based Approach to Describing Metamorphic Relations},
  author = {Segura, Sergio and Dur{\'{a}}n, Amador and Troya, Javier and Cort{\'{e}}s, Antonio Ruiz},
  booktitle={2017 IEEE/ACM 2nd International Workshop on Metamorphic Testing (MET)},
  doi = {10.1109/MET.2017.3},
  isbn = {9781538604243},
  pages = {3--9},
  year = {2017},
}
@inproceedings{arnoldus2011,
  title = {Less is More: Unparser-completeness of Metalanguages for Template Engines},
  author = {Arnoldus, B J and van den Brand, M G J and Serebrenik, a},
  booktitle = {Proceedings of the 10th ACM International Conference on Generative Programming and Component Engineering},
  series = {GPCE '11},
  year = {2011},
  isbn = {978-1-4503-0689-8},
  location = {Portland, Oregon, USA},
  pages = {137--146},
  numpages = {10},
  url = {http://doi.acm.org/10.1145/2047862.2047887},
  doi = {10.1145/2047862.2047887},
}
@article{radjenovic2009,
  title = {Modelling and implementation of catalogue cards using FreeMarker},
  author = {Radjenovic, Jelena and Milosavljevic, Branko and Surla, Dusan},
  doi = {10.1108/00330330910934110},
  issn = {0033-0337},
  journal = {Program},
  number = {1},
  pages = {62--76},
  url = {https://doi.org/10.1108/00330330910934110},
  volume = {43},
  year = {2009},
}
@misc{wengner2016,
  title = {A Review of Java Template Engines},
  author = {Wengner, Miro},
  howpublished = {\url{https://dzone.com/articles/template-engines-at-one-spring-boot-and-engines-se}},
  note = {Online; acessado em 4 de junho de 2018} ,
  year=2016,
}
@inproceedings{parr2006,
  title = {Web Application Internationalization and Localization in Action},
  author = {Parr, Terence John},
  booktitle = {Proceedings of the 6th International Conference on Web Engineering},
  series = {ICWE '06},
  doi = {10.1145/1145581.1145650},
  isbn = {1-59593-352-2},
  location = {Palo Alto, California, USA},
  pages = {64--70},
  numpages = {7},
  url = {http://doi.acm.org/10.1145/1145581.1145650},
  year = {2006},
}
@book{wynne2017cucumber,
  title={The cucumber book: behaviour-driven development for testers and developers},
  author={Wynne, Matt and Hellesoy, Aslak and Tooke, Steve},
  year={2017},
  publisher={Pragmatic Bookshelf}
}
